@inproceedings{spsArticle,
  title={Single-pass Parallel Prefix Scan with Decoupled Lookback},
  author={Duane Merrill and Michael Garland},
  year={2016}
}

@misc{opencl,
  title = {OpenCL repository},
  howpublished = {\url{https://github.com/coancea/OpenCL-Repo/blob/master/Examples/Scan/SinglePassScanKer.cl}},
  note = {Accessed: 2022-11-07}
}
